<record><leader>00000cas a22000007a 4500</leader><controlfield tag="001">26868870</controlfield><controlfield tag="008">921027d19761983nmuwr ne      0    0eng d</controlfield><datafield ind1=" " ind2=" " tag="010"><subfield code="a">sn 92070731 </subfield></datafield><datafield ind1=" " ind2=" " tag="040"><subfield code="a">NVM</subfield><subfield code="b">eng</subfield><subfield code="c">NVM</subfield><subfield code="d">OCLCQ</subfield></datafield><datafield ind1=" " ind2=" " tag="042"><subfield code="a">msc</subfield></datafield><datafield ind1=" " ind2=" " tag="043"><subfield code="a">n-us-nm</subfield></datafield><datafield ind1="0" ind2=" " tag="130"><subfield code="a">Star tribune (Hagerman, N.M. : 1976)</subfield></datafield><datafield ind1="1" ind2="0" tag="245"><subfield code="a">Star tribune.</subfield></datafield><datafield ind1=" " ind2=" " tag="260"><subfield code="a">Hagerman, N.M. :</subfield><subfield code="b">Star Tribune Pub. Co.</subfield></datafield><datafield ind1=" " ind2=" " tag="300"><subfield code="a">v.</subfield></datafield><datafield ind1=" " ind2=" " tag="300"><subfield code="a">Weekly.</subfield></datafield><datafield ind1="0" ind2=" " tag="362"><subfield code="a">Vol. 19, no. 1 (May 6, 1976)-v. 24, no. 36 (Sept. 8, 1983).</subfield></datafield><datafield ind1=" " ind2=" " tag="500"><subfield code="a">"Serving Hagerman, Dexter and the Pecos Valley farm-ranch community."</subfield></datafield><datafield ind1=" " ind2="4" tag="651"><subfield code="a">Dexter (N.M.)</subfield><subfield code="v">Newspapers.</subfield></datafield><datafield ind1=" " ind2="4" tag="651"><subfield code="a">Hagerman (N.M.)</subfield><subfield code="v">Newspapers.</subfield></datafield><datafield ind1=" " ind2="4" tag="651"><subfield code="a">Chaves County (N.M.)</subfield><subfield code="v">Newspapers.</subfield></datafield><datafield ind1=" " ind2=" " tag="752"><subfield code="a">United States</subfield><subfield code="b">New Mexico</subfield><subfield code="c">Chaves</subfield><subfield code="d">Hagerman.</subfield></datafield><datafield ind1="0" ind2="4" tag="780"><subfield code="a">Dexter tribune (Dexter, N.M. : 1957)</subfield><subfield code="w">(DLC)sn 92070726</subfield></datafield><datafield ind1="0" ind2="4" tag="780"><subfield code="a">Hagerman star</subfield><subfield code="w">(DLC)sn 92070717</subfield></datafield><datafield ind1="1" ind2=" " tag="029"><subfield code="a">AU@</subfield><subfield code="b">000020726643</subfield></datafield></record>